@article{differentialpriv,
author="S. Asoodeh, F. Calmon, M. Diaz and H. Jeong.",
title="Information-Theoretic Tools for Responsible Machine Learning.",
journal="IEEE International Symposium on Information Theory (ISIT)",
year="2022",
pages="10-22",
}

@article{1571417125811646464,
author="Csiszar, I.",
title="Information-type measures of difference of probability distributions and indirect observation",
journal="Studia Scientiarum Mathematicarum Hungarica",
year="1967",
volume="2",
pages="229-318",
}

@article{chentsov1982statiscal,
  title={Statiscal decision rules and optimal inference},
  author={Chentsov, Nikolai Nikolaevich},
  journal={Monog},
  volume={53},
  year={1982},
  publisher={Amer. Math. Soc.}
}

@article{polyanskiy2014lecture,
  title={Lecture notes on information theory},
  author={Polyanskiy, Yury and Wu, Yihong},
  journal={Lecture Notes for ECE563 (UIUC) and},
  volume={6},
  number={2012-2016},
  pages={7},
  year={2014},
  publisher={Citeseer}
}

@article{harremoes2011pairs,
  title={On pairs of $ f $-divergences and their joint range},
  author={Harremo{\"e}s, Peter and Vajda, Igor},
  journal={IEEE Transactions on Information Theory},
  volume={57},
  number={6},
  pages={3230--3235},
  year={2011},
  publisher={IEEE}
}

@article{ahlswede1976spreading,
  title={Spreading of sets in product spaces and hypercontraction of the Markov operator},
  author={Ahlswede, Rudolf and G{\'a}cs, Peter},
  journal={The annals of probability},
  pages={925--939},
  year={1976},
  publisher={JSTOR}
}

@article{dobrushin1956central,
  title={Central limit theorem for nonstationary Markov chains. I},
  author={Dobrushin, Roland L},
  journal={Theory of Probability \& Its Applications},
  volume={1},
  number={1},
  pages={65--80},
  year={1956},
  publisher={SIAM}
}

@article{asoodeh2020privacy,
  title={Privacy analysis of online learning algorithms via contraction coefficients},
  author={Asoodeh, Shahab and Diaz, Mario and Calmon, Flavio P},
  journal={arXiv preprint arXiv:2012.11035},
  year={2020}
}

@book{cohen1998comparisons,
  title={Comparisons of stochastic matrices with applications in information theory, statistics, economics and population},
  author={Cohen, Joel and Kempermann, Johannes HB and Zbaganu, Gheorghe},
  year={1998},
  publisher={Springer Science \& Business Media}
}

@article{warner1965randomized,
  title={Randomized response: A survey technique for eliminating evasive answer bias},
  author={Warner, Stanley L},
  journal={Journal of the American Statistical Association},
  volume={60},
  number={309},
  pages={63--69},
  year={1965},
  publisher={Taylor \& Francis}
}

@inproceedings{evfimievski2003limiting,
  title={Limiting privacy breaches in privacy preserving data mining},
  author={Evfimievski, Alexandre and Gehrke, Johannes and Srikant, Ramakrishnan},
  booktitle={Proceedings of the twenty-second ACM SIGMOD-SIGACT-SIGART symposium on Principles of database systems},
  pages={211--222},
  year={2003}
}

@article{asoodeh2020contraction,
  title={Contraction of ${E}_{\gamma}$-Divergence and Its Applications to Privacy},
  author={Asoodeh, Shahab and Diaz, Mario and Calmon, Flavio P},
  journal={arXiv:2012.11035},
  year={2020}
}

@book{amari2016information,
  title={Information geometry and its applications},
  author={Amari, Shun-ichi},
  volume={194},
  year={2016},
  publisher={Springer}
}

@book{calin2014geometric,
  title={Geometric modeling in probability and statistics},
  author={Calin, Ovidiu and Udri{\c{s}}te, Constantin},
  volume={121},
  year={2014},
  publisher={Springer}
}

@book{ay2017information,
  title={Information geometry},
  author={Ay, Nihat and Jost, J{\"u}rgen and V{\^a}n L{\^e}, H{\^o}ng and Schwachh{\"o}fer, Lorenz},
  volume={64},
  year={2017},
  publisher={Springer}
}

@article{campbell1986extended,
  title={An extended {\v{C}}encov characterization of the information metric},
  author={Campbell, L Lorne},
  journal={Proceedings of the American Mathematical Society},
  volume={98},
  number={1},
  pages={135--141},
  year={1986}
}

@article{dowty2018chentsov,
  title={Chentsovâ€™s theorem for exponential families},
  author={Dowty, James G},
  journal={Information Geometry},
  volume={1},
  pages={117--135},
  year={2018},
  publisher={Springer}
}

@article{brody2007note,
  title={A note on exponential families of distributions},
  author={Brody, Dorje C},
  journal={Journal of Physics A: Mathematical and Theoretical},
  volume={40},
  number={30},
  pages={F691},
  year={2007},
  publisher={IOP Publishing}
}

@article{nielsen2020elementary,
  title={An elementary introduction to information geometry},
  author={Nielsen, Frank},
  journal={Entropy},
  volume={22},
  number={10},
  pages={1100},
  year={2020},
  publisher={MDPI}
}

@article{jivri2002lectures,
  title={Lectures on Discrete Geometry},
  author={Ji{\v{r}}{\'\i}, Matou{\v{s}}ek},
  journal={Graduate Texts in Mathematics, Springer-Verlag, New York},
  year={2002}
}